@book{modernApproach,
	author    = {Stuart J. Russell and
	Peter Norvig},
	title     = {Artificial Intelligence - {A} Modern Approach, Third International
	Edition},
	publisher = {Pearson Education},
	year      = {2010},
	url       = {http://vig.pearsoned.com/store/product/1,1207,store-12521\_isbn-0136042597,00.html},
	isbn      = {978-0-13-207148-2},
	timestamp = {Mon, 15 Jul 2019 16:26:46 +0200},
	biburl    = {https://dblp.org/rec/books/daglib/0023820.bib},
	bibsource = {dblp computer science bibliography, https://dblp.org}
}

@article{gelfond1998action,
	author    = {Michael Gelfond and
	Vladimir Lifschitz},
	title     = {Action Languages},
	journal   = {Electron. Trans. Artif. Intell.},
	volume    = {2},
	pages     = {193--210},
	year      = {1998},
	url       = {http://www.ep.liu.se/ej/etai/1998/007/},
	timestamp = {Wed, 05 May 2004 09:50:02 +0200},
	biburl    = {https://dblp.org/rec/bib/journals/etai/GelfondL98},
	bibsource = {dblp computer science bibliography, https://dblp.org}
}

@Inbook{durfee1999distributed,
	author={Durfee, Edmund H.},
	title={Distributed Problem Solving and Planning},
	bookTitle={Multi-Agent Systems and Applications: 9th ECCAI Advanced Course, ACAI 2001 and Agent Link's 3rd European Agent Systems Summer School, EASSS 2001 Prague, Czech Republic, July 2--13, 2001 Selected Tutorial Papers},
	year={2001},
	publisher={Springer Berlin Heidelberg},
	address={Berlin, Heidelberg},
	pages={118--149},
	isbn={978-3-540-47745-7},
	url={https://doi.org/10.1007/3-540-47745-4_6},
}

@misc{hasken,
	author = {Harm van Beek},
	title = {{Digital Forensics as a Service}},
	howpublished = "\url{https://www.forensicinstitute.nl/research-and-innovation/latest-forensic-innovations/hansken}",
	year = {2019}, 
}

@article{de2003resource,
	title={A resource logic for multi-agent plan merging},
	author={De Weerdt, Mathijs and Bos, Andr{\'e} and Tonino, Hans and Witteveen, Cees},
	journal={Annals of Mathematics and Artificial Intelligence},
	volume={37},
	number={1-2},
	pages={93--130},
	year={2003},
	publisher={Springer},
	doi = {10.1023/A:1020236119243},
	
}


@inproceedings{allen2009complexity,
	author    = {Martin Allen and Shlomo Zilberstein},
	OPTeditor    = {Yoshua Bengio and Dale Schuurmans and John D. Lafferty and Christopher K. I. Williams and Aron Culotta},
	title     = {Complexity of Decentralized Control: Special Cases},
	booktitle = {23rd Annual
	Conference on Neural Information Processing Systems 2009, 7-10 December , Vancouver, British Columbia, Canada},
	EXTRAbooktitle = {Advances in Neural Information Processing Systems 22: 23rd Annual
	Conference on Neural Information Processing Systems 2009. Proceedings
	of a meeting held 7-10 December 2009, Vancouver, British Columbia,
	Canada},
	pages     = {19--27},
	publisher = {Curran Associates, Inc.},
	year      = {2009},
	url       = {https://proceedings.neurips.cc/paper/2009/hash/fec8d47d412bcbeece3d9128ae855a7a-Abstract.html},
	timestamp = {Thu, 21 Jan 2021 15:15:24 +0100},
	biburl    = {https://dblp.org/rec/conf/nips/AllenZ09.bib},
	bibsource = {dblp computer science bibliography, https://dblp.org}
}

@article{bernstein2002complexity,
	title={The complexity of decentralized control of Markov decision processes},
	author={Bernstein, Daniel S and Givan, Robert and Immerman, Neil and Zilberstein, Shlomo},
	journal={Mathematics of operations research},
	volume={27},
	number={4},
	pages={819--840},
	year={2002},
	publisher={INFORMS}
}

@manual{BioPythonManual,
	title        = "Biopython Tutorial and Cookbook",
	author       = "Jeff Chang, Brad Chapman, Iddo Friedberg, Thomas Hamelryck,Michiel de Hoon, Peter Cock, Tiago Antao, Eric Talevich, Bartek Wilczyński",
	organization = "Open Bioinformatics Foundation (OBF)",
	address      = "Lyon, France",
	"url"        = "http://biopython.org/DIST/docs/tutorial/Tutorial.html#sec20"
}

@techreport{WikiProteine,
	title       = "Proteine",
	author      = "WikipediaProteine",
	institution = "Wikipedia",
	url = "https://it.wikipedia.org/wiki/Proteine"
}

@techreport{WikiAmminoacidi,
	title       = "Amminoacidi",
	author      = "WikipediaAmminoacidi",
	institution = "Wikipedia",
	url = "https://it.wikipedia.org/wiki/Amminoacido"
}

@techreport{SlideRamachandran,
	title       = "The Ramachandran Principle",
	author      = "Eric Martz",
	url = "https://docs.google.com/presentation/d/13_RwaMP5484OTUfon9xkMnEpmJlNzRAfPP2WxHcv2fE/edit#slide=id.p"
}

@techreport{TutorialRamachandran,
	title       = "The Ramachandran Principle Phi and Psi Angles in Proteins",
	author      = "Proteopedia",
	url = "https://proteopedia.org/wiki/index.php/Tutorial:Ramachandran_principle_and_phi_psi_angles"
}

@article{AgostaCozzini,
	title={From oncoproteins to spike proteins: the evaluation of intramolecular stability using hydropathic force field},
	author={Federica Agosta, Glen E. Kellogg, Pietro Cozzini}
	journal={Journal of Computer-Aided Molecular Design},
	year={2022},
}

@techreport{ForzaIntramolecolare,
	title       = "Forza Intramolecolare",
	author      = "Wikipedia",
	url = "https://it.wikipedia.org/wiki/Forza_intramolecolare"
}

@article{ProprietàCovid,
	title={Properties of Coronavirus and SARS-CoV-2},
	author={Yasmin A. MALIK}
	journal={Malaysian J Pathol},
	year={2020},
}

@article{StoriaCovid,
	title={La storia del SARS-CoV-2},
	author={Marco Tinelli}
	journal={SIMG},
	year={2020},
}

@techreport{ReportCovid,
	title       = "Tutto sulla pandemia di SARS-CoV-2",
	author      = "Istituto Superiore di Sanità EpiCentro - L'epidemiologia per la sanità pubblica",
	url = "https://www.epicentro.iss.it/coronavirus/sars-cov-2"
}

@techreport{RNApolimerasi,
	title       = "RNA polimerasi, la “fotocopiatrice distratta” di SARS-CoV-2",
	author      = "Università Vita-Salute San Raffaele",
	url = "https://www.unisr.it/news/2020/7/rna-polimerasi-la-fotocopiatrice-distratta-di-sars-cov-2"
}

@article{GlicoproteinaSpike,
	title={The SARS-CoV-2 Spike Glycoprotein Biosynthesis, Structure, Function, and Antigenicity: Implications for the Design of Spike-Based Vaccine Immunogens},
	author={Duan Liangwei, Zheng Qianqian, Zhang Hongxia, Niu Yuna, Lou Yunwei, Wang Hui}
	journal={Frontiers in Immunology},
	volume={11},
	year={2020},
}

@article{RBDSpike,
	title={SARS-CoV-2 variants impact RBD conformational dynamics and ACE2 accessibility},
	author={Valério M, Borges-Araújo L, Melo MN, Lousa D, Soares CM}
	journal={Front Med Technol.},
	year={2022},
}

@InProceedings{Alexa_2022_CVPR,
	author    = {Alexa, Marc},
	title     = {Super-Fibonacci Spirals: Fast, Low-Discrepancy Sampling of SO(3)},
	booktitle = {Proceedings of the IEEE/CVF Conference on Computer Vision and Pattern Recognition (CVPR)},
	month     = {June},
	year      = {2022},
	pages     = {8291-8300}
}